@article{Turing36,
	author = {Turing, Alan},
	doi = {10.2307/2268810},
	journal = {Proceedings of the London Mathematical Society},
	number = {1},
	pages = {230--265},
	publisher = {Association for Symbolic Logic},
	title = {On Computable Numbers, with an Application to the Entscheidungsproblem},
	volume = {42},
	year = {1936}
}

@article{Turing50,
    author = {Turing, Alan},
    title = "{I.—COMPUTING MACHINERY AND INTELLIGENCE}",
    journal = {Mind},
    volume = {LIX},
    number = {236},
    pages = {433-460},
    year = {1950},
    month = {10},
    issn = {0026-4423},
    doi = {10.1093/mind/LIX.236.433},
    url = {https://doi.org/10.1093/mind/LIX.236.433},
    eprint = {https://academic.oup.com/mind/article-pdf/LIX/236/433/30123314/lix-236-433.pdf},
}

@book{hilbert,
	author = "Hilbert, David and  Ackermann, Wilhelm",
	title = "Grundzüge der theoretischen Logik (Principles of Mathematical Logic)",
	publisher = "Springer-Verlag",
	year = "1928",
  ISBN = "0-8218-2024-9"
	}

@article{Church36,
	author = {Alonzo Church},
	doi = {10.2307/2268571},
	journal = {Journal of Symbolic Logic},
	number = {2},
	pages = {73--74},
	publisher = {Association for Symbolic Logic},
	title = {An Unsolvable Problem of Elementary Number Theory},
	volume = {1},
	year = {1936}
}

@article{Turing37, 
  title={Computability and $\lambda$-definability}, 
  volume={2}, 
  DOI={10.2307/2268280}, 
  number={4}, 
  journal={Journal of Symbolic Logic}, 
  publisher={Cambridge University Press}, 
  author={Turing, Alan}, 
  year={1937}, 
  pages={153-163}
}

@article{Kleene37,
  title={$\lambda$-Definability and Recursiveness.},
  author={R{\'o}zsa P{\'e}ter and Stephen Cole Kleene},
  journal={Journal of Symbolic Logic},
  year={1937},
  volume={2},
  pages={38},
  url={https://api.semanticscholar.org/CorpusID:124243323}
}

@book{sipser13,
  added-at = {2014-03-03T20:31:26.000+0100},
  address = {Boston, MA},
  author = {Sipser, Michael},
  biburl = {https://www.bibsonomy.org/bibtex/2a275d239d3a005a2a0825e49ce8dced5/ytyoun},
  edition = {Third},
  interhash = {ba5fd05e9f15a677c2c9e619c57de9a7},
  intrahash = {a275d239d3a005a2a0825e49ce8dced5},
  isbn = {113318779X},
  keywords = {automata complexity computation hamiltonian np-hardness sipser textbook},
  publisher = {Course Technology},
  refid = {814441519},
  timestamp = {2016-12-04T08:23:19.000+0100},
  title = {Introduction to the Theory of Computation},
  year = 2013
}

@misc{Computerphile, 
  title={Turing Machines Explained - Computerphile}, 
  url={https://www.youtube.com/watch?v=dNRDvLACg5Q}, 
  journal={YouTube}, 
  author={Computerphile}, 
  year={2014}, 
  month={Aug.} 
}

@book{Arora,
author = {Arora, Sanjeev and Barak, Boaz},
title = {Computational Complexity: A Modern Approach},
year = {2009},
isbn = {0521424267},
publisher = {Cambridge University Press},
address = {USA},
edition = {1st},
abstract = {This beginning graduate textbook describes both recent achievements and classical results of computational complexity theory. Requiring essentially no background apart from mathematical maturity, the book can be used as a reference for self-study for anyone interested in complexity, including physicists, mathematicians, and other scientists, as well as a textbook for a variety of courses and seminars. More than 300 exercises are included with a selected hint set.}
}

@article{Searle,
	author = {Searle, John R.},
	journal = {Scientific American},
	number = {1},
	pages = {26--31},
	title = {Is the Brain?s Mind a Computer Program?},
	volume = {262},
	year = {1990}
}

@book{Anita,
  title={Logics for Computer Science: Classical and Non-Classical},
  author={Wasilewska, Anita},
  isbn={9783319925905},
  url={https://books.google.com.pk/books?id=o_9ctgEACAAJ},
  year={2018},
  publisher={Springer International Publishing}
}

@article{Lampert,
	author = {Lampert, Timm and Nakano, Anderson},
	journal = {Humboldt-Universit¨at zu Berlin Computer- und Medienservic},
	title = {Explaining the Undecidability of First-Order Logic},
  url = {https://www2.cms.hu-berlin.de/newlogic/webMathematica/Logic/undecidability phil publication.pdf.},
	year = {2021}
}

@article{Godel31,
  added-at = {2010-07-22T15:48:09.000+0200},
  author = {Gödel, Kurt},
  biburl = {https://www.bibsonomy.org/bibtex/2a87070d102ce701aa6f8d59bd537a432/voj},
  interhash = {8c9b154775c8f13dc1d3c9e638386bfc},
  intrahash = {a87070d102ce701aa6f8d59bd537a432},
  journal = {Monatshefte für Mathematik und Physik},
  keywords = {foundations mathematics},
  number = 1,
  pages = {173--198},
  timestamp = {2010-07-22T15:48:09.000+0200},
  title = {Über formal unentscheidbare Sätze der Principia Mathematica und verwandter Systeme},
  volume = 38,
  year = 1931
}

@article{Lucas,
 ISSN = {00318191, 1469817X},
 URL = {http://www.jstor.org/stable/3749270},
 author = {Lucas, John},
 journal = {Philosophy},
 number = {137},
 pages = {112--127},
 publisher = {Cambridge University Press},
 title = {Minds, Machines and Gödel},
 urldate = {2023-12-15},
 volume = {36},
 year = {1961}
}

@book{penrose,
  title={The Emperor's New Mind: Concerning Computers, Minds, and the Laws of Physics},
  author={Penrose, R.},
  isbn={9780198784920},
  lccn={2016427799},
  series={Oxford landmark science},
  url={https://books.google.com.pk/books?id=X28sDwAAQBAJ},
  year={2016},
  publisher={Oxford University Press}
}

@article{Denning,
 ISSN = {00030996},
 URL = {http://www.jstor.org/stable/29773938},
 author = {Peter J. Denning},
 journal = {American Scientist},
 number = {2},
 pages = {100--102},
 publisher = {Sigma Xi, The Scientific Research Society},
 title = {The Science of Computing: Is Thinking Computable?},
 urldate = {2023-12-15},
 volume = {78},
 year = {1990}
}

@article{Churchland,
	author = {Churchland, Paul M. and Churchland, Patricia S.},
	journal = {Scientific American},
	number = {1},
	pages = {32--37},
	title = {Could a Machine Think?},
	volume = {262},
	year = {1990}
}

@article{Rice53,
  title={Classes of recursively enumerable sets and their decision problems},
  author={H. Gordon Rice},
  journal={Transactions of the American Mathematical Society},
  year={1953},
  volume={74},
  pages={358-366},
  url={https://api.semanticscholar.org/CorpusID:120980829}
}

@article{glymour_kelly_1990, 
  title={Why you'll never know whether Roger Penrose is a computer}, 
  volume={13}, 
  DOI={10.1017/S0140525X0008081X}, 
  number={4}, 
  journal={Behavioral and Brain Sciences}, 
  publisher={Cambridge University Press}, 
  author={Glymour, Clark and Kelly, Kevin}, 
  year={1990}, 
  pages={666–667}
}
